<record><leader>00000cas a22000007a 4500</leader><controlfield tag="001">9994553</controlfield><controlfield tag="008">831008c19239999ohumr ne      0   a0pol d</controlfield><datafield ind1=" " ind2=" " tag="010"><subfield code="a">sn 83035481 </subfield></datafield><datafield ind1=" " ind2=" " tag="040"><subfield code="a">NPY</subfield><subfield code="b">eng</subfield><subfield code="c">NPY</subfield><subfield code="d">NSD</subfield><subfield code="d">ONP</subfield><subfield code="d">OCLCQ</subfield><subfield code="d">PHA</subfield><subfield code="d">OCLCQ</subfield><subfield code="d">OCLCF</subfield></datafield><datafield ind1=" " ind2=" " tag="012"><subfield code="m">1</subfield></datafield><datafield ind1="0" ind2=" " tag="022"><subfield code="a">0898-9338</subfield><subfield code="l">0898-9338</subfield><subfield code="2">1</subfield></datafield><datafield ind1=" " ind2=" " tag="032"><subfield code="a">911060</subfield><subfield code="b">USPS</subfield></datafield><datafield ind1="0" ind2=" " tag="041"><subfield code="a">poleng</subfield></datafield><datafield ind1=" " ind2=" " tag="042"><subfield code="a">msc</subfield><subfield code="a">nsdp</subfield></datafield><datafield ind1=" " ind2=" " tag="043"><subfield code="a">n-us---</subfield></datafield><datafield ind1="1" ind2="0" tag="082"><subfield code="a">305</subfield><subfield code="2">11</subfield></datafield><datafield ind1="0" ind2=" " tag="210"><subfield code="a">Jedn. Polek</subfield></datafield><datafield ind1=" " ind2="0" tag="222"><subfield code="a">Jednos&#769;c&#769; Polek</subfield></datafield><datafield ind1="0" ind2="0" tag="245"><subfield code="a">Jednos&#769;c Polek =</subfield><subfield code="b">Unity of Polish women.</subfield></datafield><datafield ind1="3" ind2="1" tag="246"><subfield code="a">Unity of Polish women</subfield></datafield><datafield ind1=" " ind2=" " tag="260"><subfield code="a">Cleveland, O. [Ohio] :</subfield><subfield code="b">Association of the Polish Women of the United States</subfield></datafield><datafield ind1=" " ind2=" " tag="300"><subfield code="a">v. :</subfield><subfield code="b">ill. ;</subfield><subfield code="c">56 cm.</subfield></datafield><datafield ind1=" " ind2=" " tag="310"><subfield code="a">Monthly,</subfield><subfield code="b">Oct. 6, 1987-</subfield></datafield><datafield ind1=" " ind2=" " tag="321"><subfield code="a">Weekly,</subfield><subfield code="b">1923-1956</subfield></datafield><datafield ind1=" " ind2=" " tag="321"><subfield code="a">Semimonthly,</subfield><subfield code="b">1957-Sept. 22, 1987</subfield></datafield><datafield ind1="1" ind2=" " tag="362"><subfield code="a">Began with Apr. 5, 1923 issue.</subfield><subfield code="z">Cf. Gregory, W. American newspapers, 1936.</subfield></datafield><datafield ind1=" " ind2=" " tag="546"><subfield code="a">In Polish and English.</subfield></datafield><datafield ind1=" " ind2=" " tag="550"><subfield code="a">Official organ of: The Association of Polish Women of the United States of America.</subfield></datafield><datafield ind1=" " ind2=" " tag="588"><subfield code="a">Description based on: Vol. 1, no. 19 (19 lip. 1923).</subfield></datafield><datafield ind1=" " ind2="0" tag="650"><subfield code="a">Polish people</subfield><subfield code="z">United States</subfield><subfield code="v">Newspapers.</subfield></datafield><datafield ind1=" " ind2="7" tag="655"><subfield code="a">Newspapers.</subfield><subfield code="2">fast</subfield><subfield code="0">(OCoLC)fst01423814</subfield></datafield><datafield ind1=" " ind2="7" tag="650"><subfield code="a">Polish people.</subfield><subfield code="2">fast</subfield><subfield code="0">(OCoLC)fst01715992</subfield></datafield><datafield ind1=" " ind2="7" tag="651"><subfield code="a">United States.</subfield><subfield code="2">fast</subfield><subfield code="0">(OCoLC)fst01204155</subfield></datafield><datafield ind1="2" ind2=" " tag="710"><subfield code="a">Association of Polish Women of the United States.</subfield></datafield><datafield ind1=" " ind2=" " tag="752"><subfield code="a">United States</subfield><subfield code="b">Ohio</subfield><subfield code="c">Cuyahoga</subfield><subfield code="d">Cleveland.</subfield></datafield></record>